@article{bueno2010heuristicas,
  title={Heur{\'\i}sticas e algoritmos evolutivos para formula{\c{c}}{\~o}es mono e multiobjetivo do problema do roteamento multicast},
  author={Bueno, Marcos Luiz de Paula},
  year={2010}
}


@ARTICLE{NSGAII, 
author={K. Deb and A. Pratap and S. Agarwal and T. Meyarivan}, 
journal={IEEE Transactions on Evolutionary Computation}, 
title={A fast and elitist multiobjective genetic algorithm: NSGA-II}, 
year={2002}, 
volume={6}, 
number={2}, 
pages={182-197}, 
keywords={Pareto distribution;computational complexity;constraint theory;convergence;genetic algorithms;operations research;simulation;sorting;NSGA-II;Nondominated Sorting Genetic Algorithm II;Pareto-archived evolution strategy;Pareto-optimal front;algorithm performance;computational complexity;constrained multi-objective problems;constraint handling;convergence;dominance definition;fast elitist multi-objective genetic algorithm;mating pool;multi-criterion decision making;multi-objective evolutionary algorithm;multi-objective optimization;nondominated sharing;nonlinear problem;objectives;parent/offspring population combination;population size;selection operator;simulation;solution fitness;solution spread;strength-Pareto evolutionary algorithm;Associate members;Computational complexity;Computational modeling;Constraint optimization;Decision making;Diversity reception;Evolutionary computation;Genetic algorithms;Sorting;Testing}, 
doi={10.1109/4235.996017}, 
ISSN={1089-778X}, 
month={Apr},}


@inproceedings{Pareto,
  title={Evolutionary computation and convergence to a pareto front},
  author={Van Veldhuizen, David A and Lamont, Gary B},
  booktitle={Late breaking papers at the genetic programming 1998 conference},
  pages={221--228},
  year={1998},
  organization={Citeseer}
}

@article{NSGAI,
  title={Muiltiobjective optimization using nondominated sorting in genetic algorithms},
  author={Srinivas, Nidamarthi and Deb, Kalyanmoy},
  journal={Evolutionary computation},
  volume={2},
  number={3},
  pages={221--248},
  year={1994},
  publisher={MIT Press}
}

@article{WaldoAlexandre,
  title={Algoritmos evolutivos para otimização multi-objetivo},
  author={Waldo Gonzalo Cancino Ticona and Alexandre Claudio Botazzo Delbém},
year={2008},
month={Aug}
}

@inproceedings{SPEA2,
  title={SPEA2: Improving the strength Pareto evolutionary algorithm},
  author={Zitzler, Eckart and Laumanns, Marco and Thiele, Lothar and others},
  booktitle={Eurogen},
  volume={3242},
  number={103},
  pages={95--100},
  year={2001}
}


@inproceedings{SPEA2ComparisonNSGAII,
  title={Comparison study of SPEA2+, SPEA2, and NSGA-II in diesel engine emissions and fuel economy problem},
  author={Hiroyasu, Tomoyuki and Nakayama, Seiichi and Miki, Mitsunori},
  booktitle={2005 IEEE congress on evolutionary computation},
  volume={1},
  pages={236--242},
  year={2005},
  organization={IEEE}
}

@article{MOGA-NET,
  title={A multiobjective genetic algorithm to find communities in complex networks},
  author={Pizzuti, Clara},
  journal={IEEE Transactions on Evolutionary Computation},
  volume={16},
  number={3},
  pages={418--430},
  year={2012},
  publisher={IEEE}
}

@inproceedings{EnergyDispatchSPEA2,
  title={Strength pareto evolutionary algorithm 2 for Environmental/Economic Power Dispatch},
  author={Hamida, Imen Ben and Salah, Saoussen Brini and Msahli, Faouzi and Mimouni, Mouhamed Faouzi},
  booktitle={2015 7th International Conference on Modelling, Identification and Control (ICMIC)},
  pages={1--6},
  year={2015},
  organization={IEEE}
}

@article{stockMOPSO,
  title={Stock trading system based on the multi-objective particle swarm optimization of technical indicators on end-of-day market data},
  author={Briza, Antonio C and Naval, Prospero C},
  journal={Applied Soft Computing},
  volume={11},
  number={1},
  pages={1191--1201},
  year={2011},
  publisher={Elsevier}
}

@incollection{PSO,
  title={Particle swarm optimization},
  author={Kennedy, James},
  booktitle={Encyclopedia of machine learning},
  pages={760--766},
  year={2011},
  publisher={Springer}
}
@article{SoilGasPlantDepositionNSGAII,
  title={NSGA-II-trained neural network approach to the estimation of prediction intervals of scale deposition rate in oil \& gas equipment},
  author={Ak, Ronay and Li, Yanfu and Vitelli, Valeria and Zio, Enrico and Droguett, Enrique Lopez and Jacinto, Carlos Magno Couto},
  journal={Expert Systems with Applications},
  volume={40},
  number={4},
  pages={1205--1212},
  year={2013},
  publisher={Elsevier}
}

@inproceedings{SPEA2+,
  title={SPEA2+: Improving the performance of the strength Pareto evolutionary algorithm 2},
  author={Kim, Mifa and Hiroyasu, Tomoyuki and Miki, Mitsunori and Watanabe, Shinya},
  booktitle={International Conference on Parallel Problem Solving from Nature},
  pages={742--751},
  year={2004},
  organization={Springer}
}

@article{suspensionCar,
  title={Multi-Objective Optimization of Vehicle Passive Suspension System Using NSGA-II, SPEA2 and PESA-II},
  author={Gadhvi, Bhargav and Savsani, Vimal and Patel, Vivek},
  journal={Procedia Technology},
  volume={23},
  pages={361--368},
  year={2016},
  publisher={Elsevier}
}

@inproceedings{PESA-II,
  title={PESA-II: Region-based selection in evolutionary multiobjective optimization},
  author={Corne, David W and Jerram, Nick R and Knowles, Joshua D and Oates, Martin J and others},
  booktitle={Proceedings of the genetic and evolutionary computation conference (GECCO’2001},
  year={2001},
  organization={Citeseer}
}