@article{bueno2010heuristicas,
  title={Heur{\'\i}sticas e algoritmos evolutivos para formula{\c{c}}{\~o}es mono e multiobjetivo do problema do roteamento multicast},
  author={Bueno, Marcos Luiz de Paula},
  year={2010}
}


@ARTICLE{NSGAII, 
author={K. Deb and A. Pratap and S. Agarwal and T. Meyarivan}, 
journal={IEEE Transactions on Evolutionary Computation}, 
title={A fast and elitist multiobjective genetic algorithm: NSGA-II}, 
year={2002}, 
volume={6}, 
number={2}, 
pages={182-197}, 
keywords={Pareto distribution;computational complexity;constraint theory;convergence;genetic algorithms;operations research;simulation;sorting;NSGA-II;Nondominated Sorting Genetic Algorithm II;Pareto-archived evolution strategy;Pareto-optimal front;algorithm performance;computational complexity;constrained multi-objective problems;constraint handling;convergence;dominance definition;fast elitist multi-objective genetic algorithm;mating pool;multi-criterion decision making;multi-objective evolutionary algorithm;multi-objective optimization;nondominated sharing;nonlinear problem;objectives;parent/offspring population combination;population size;selection operator;simulation;solution fitness;solution spread;strength-Pareto evolutionary algorithm;Associate members;Computational complexity;Computational modeling;Constraint optimization;Decision making;Diversity reception;Evolutionary computation;Genetic algorithms;Sorting;Testing}, 
doi={10.1109/4235.996017}, 
ISSN={1089-778X}, 
month={Apr},}


@inproceedings{Pareto,
  title={Evolutionary computation and convergence to a pareto front},
  author={Van Veldhuizen, David A and Lamont, Gary B},
  booktitle={Late breaking papers at the genetic programming 1998 conference},
  pages={221--228},
  year={1998},
  organization={Citeseer}
}

@article{NSGAI,
  title={Muiltiobjective optimization using nondominated sorting in genetic algorithms},
  author={Srinivas, Nidamarthi and Deb, Kalyanmoy},
  journal={Evolutionary computation},
  volume={2},
  number={3},
  pages={221--248},
  year={1994},
  publisher={MIT Press}
}

@article{WaldoAlexandre,
  title={Algoritmos evolutivos para otimização multi-objetivo},
  author={Waldo Gonzalo Cancino Ticona and Alexandre Claudio Botazzo Delbém},
year={2008},
month={Aug}
}

@inproceedings{SPEA2,
  title={SPEA2: Improving the strength Pareto evolutionary algorithm},
  author={Zitzler, Eckart and Laumanns, Marco and Thiele, Lothar and others},
  booktitle={Eurogen},
  volume={3242},
  number={103},
  pages={95--100},
  year={2001}
}


@inproceedings{SPEA2ComparisonNSGAII,
  title={Comparison study of SPEA2+, SPEA2, and NSGA-II in diesel engine emissions and fuel economy problem},
  author={Hiroyasu, Tomoyuki and Nakayama, Seiichi and Miki, Mitsunori},
  booktitle={2005 IEEE congress on evolutionary computation},
  volume={1},
  pages={236--242},
  year={2005},
  organization={IEEE}
}

@inproceedings{SPEA2+,
  title={SPEA2+: Improving the performance of the strength Pareto evolutionary algorithm 2},
  author={Kim, Mifa and Hiroyasu, Tomoyuki and Miki, Mitsunori and Watanabe, Shinya},
  booktitle={International Conference on Parallel Problem Solving from Nature},
  pages={742--751},
  year={2004},
  organization={Springer}
}

@article{SuspensionCar,
  title={Multi-Objective Optimization of Vehicle Passive Suspension System Using NSGA-II, SPEA2 and PESA-II},
  author={Gadhvi, Bhargav and Savsani, Vimal and Patel, Vivek},
  journal={Procedia Technology},
  volume={23},
  pages={361--368},
  year={2016},
  publisher={Elsevier}
}

@INPROCEEDINGS{PESA-II,
    author = {David W. Corne and Nick R. Jerram and Joshua D. Knowles and Martin J. Oates and Martin J},
    title = {PESA-II: Region-based Selection in Evolutionary Multiobjective Optimization},
    booktitle = {Proceedings of the Genetic and Evolutionary Computation Conference (GECCO’2001},
    year = {2001},
    pages = {283--290},
    publisher = {Morgan Kaufmann Publishers}
}